<record><leader>00000cas a22000007a 4500</leader><controlfield tag="001">10173953</controlfield><controlfield tag="008">831130c18789999paudn ne      0   a0eng d</controlfield><datafield ind1=" " ind2=" " tag="010"><subfield code="a">sn 83032111 </subfield></datafield><datafield ind1=" " ind2=" " tag="040"><subfield code="a">NPU</subfield><subfield code="b">eng</subfield><subfield code="c">NPU</subfield><subfield code="d">NPH</subfield><subfield code="d">NSD</subfield><subfield code="d">OCLCQ</subfield></datafield><datafield ind1=" " ind2=" " tag="012"><subfield code="m">1</subfield></datafield><datafield ind1="1" ind2=" " tag="022"><subfield code="a">0899-479X</subfield><subfield code="l">0899-479X</subfield><subfield code="2">1</subfield></datafield><datafield ind1=" " ind2=" " tag="032"><subfield code="a">670580</subfield><subfield code="b">USPS</subfield></datafield><datafield ind1=" " ind2=" " tag="037"><subfield code="b">The Wayne Independent, P.O. Box 122, Honesdale, PA 18431</subfield></datafield><datafield ind1=" " ind2=" " tag="042"><subfield code="a">msc</subfield><subfield code="a">nsdp</subfield></datafield><datafield ind1=" " ind2="4" tag="222"><subfield code="a">The Wayne independent</subfield></datafield><datafield ind1="0" ind2="4" tag="245"><subfield code="a">The Wayne independent.</subfield></datafield><datafield ind1="3" ind2="0" tag="246"><subfield code="a">Wayne semi-weekly independent</subfield></datafield><datafield ind1="3" ind2="0" tag="246"><subfield code="a">Independent</subfield></datafield><datafield ind1="3" ind2="0" tag="246"><subfield code="a">Wayne County independent</subfield></datafield><datafield ind1="3" ind2="0" tag="246"><subfield code="a">Semi-weekly Wayne independent</subfield></datafield><datafield ind1=" " ind2=" " tag="260"><subfield code="a">Honesdale, Pa. :</subfield><subfield code="b">Benj. F. Haines,</subfield><subfield code="c">1878-</subfield></datafield><datafield ind1=" " ind2=" " tag="300"><subfield code="a">v. :</subfield><subfield code="b">ill. (chiefly advertisements) ;</subfield><subfield code="c">56-70 cm.</subfield></datafield><datafield ind1=" " ind2=" " tag="310"><subfield code="a">Daily (Monday through Friday),</subfield><subfield code="b">&lt;Nov. 16, 1987-&gt;</subfield></datafield><datafield ind1=" " ind2=" " tag="321"><subfield code="a">Frequency varies,</subfield><subfield code="b">1878-May 16, 1913</subfield></datafield><datafield ind1=" " ind2=" " tag="321"><subfield code="a">Triweekly,</subfield><subfield code="b">May 19, 1913-</subfield></datafield><datafield ind1="0" ind2=" " tag="362"><subfield code="a">Vol. 1, no. 1 (Feb. 7, 1878)-</subfield></datafield><datafield ind1=" " ind2=" " tag="500"><subfield code="a">The word "semi-weekly" appears above masthead logo, Feb. 7, 1891-Feb. 6, 1903.</subfield></datafield><datafield ind1=" " ind2=" " tag="500"><subfield code="a">Special "Women's edition" published Nov. 28, 1895.</subfield></datafield><datafield ind1=" " ind2=" " tag="500"><subfield code="a">Issues for &lt;Monday, Nov. 16, 1987-&gt; published: Park Newspapers of Honesdale.</subfield></datafield><datafield ind1=" " ind2=" " tag="530"><subfield code="a">Also issued on microfilm.</subfield></datafield><datafield ind1=" " ind2=" " tag="588"><subfield code="a">Latest issue consulted: Vol. 110, no. 128 (Monday, Nov. 16, 1987).</subfield></datafield><datafield ind1=" " ind2=" " tag="752"><subfield code="a">United States</subfield><subfield code="b">Pennsylvania</subfield><subfield code="c">Wayne</subfield><subfield code="d">Honesdale.</subfield></datafield></record>